@article{zhang2016understanding,
  title={Understanding deep learning requires rethinking generalization},
  author={Zhang, Chiyuan and Bengio, Samy and Hardt, Moritz and Recht, Benjamin and Vinyals, Oriol},
  journal={arXiv preprint arXiv:1611.03530},
  year={2016}
}

@article{svmsNg,
  title={Support Vector Machines},
  author={Ng, Andrew}
  journal={CS229 course notes}
  url={\url{http://cs229.stanford.edu/notes/cs229-notes3.pdf}}
}

@inproceedings{vapnik1992principles,
  title={Principles of risk minimization for learning theory},
  author={Vapnik, Vladimir},
  booktitle={Advances in neural information processing systems},
  pages={831--838},
  year={1992}
}

@article{neumann1928theorie,
  title={Zur theorie der gesellschaftsspiele},
  author={Neumann, J v},
  journal={Mathematische annalen},
  volume={100},
  number={1},
  pages={295--320},
  year={1928},
  publisher={Springer}
}

@misc{sejdinovic2012rkhs,
  title={What is an RKHS?},
  author={Sejdinovic, Dino and Gretton, Arthur},
  year={2012},
  publisher={Citeseer}
}

@misc{turingMachines,
  title = {Turing Machines},
  author={Dana Angluin},
  howpublished = {\url{http://zoo.cs.yale.edu/classes/cs201/topics/topic-TM.pdf}},
  note = {Accessed: 2018-10-11}
}

@article{turing1937computable,
  title={On computable numbers, with an application to the Entscheidungsproblem},
  author={Turing, Alan M},
  journal={Proceedings of the London mathematical society},
  volume={2},
  number={1},
  pages={230--265},
  year={1937},
  publisher={Wiley Online Library}
}

@misc{pvnp,
  title = {P versus NP},
  howpublished = {\url{https://en.wikipedia.org/wiki/P_versus_NP_problem}},
  note = {Accessed: 2018-10-13}
}

